@book{
  ahrensHowTakeSmart2022,
  edition={2nd ed. edition},
  title={How to Take Smart Notes: One Simple Technique to Boost Writing, Learning and Thinking},
  ISBN={978-3-9824388-0-1},
  publisher={Sönke Ahrens},
  author={Ahrens, Sönke},
  year={2022},
month={Mar} }


@book{russell2021,
	title = {Applied mechanics for marine engineers},
	author = {Russell, Paul A. and Jackson, Leslie and Embleton, William},
	year = {2021},
	date = {2021},
	publisher = {Reeds},
	series = {Reeds marine engineering and technology series},
	number = {vol. 2},
	edition = {7th edition},
	note = {OCLC: 1308413045},
	address = {London}
}

@book{bolton2021,
	title = {Engineering science},
	author = {Bolton, W.},
	year = {2021},
	date = {2021},
	publisher = {Routledge},
	edition = {Seventh edition},
	address = {Abingdon, Oxon ; New York, NY}
}

@book{polya2014,
	title = {How to Solve It: A New Aspect of Mathematical Method},
	author = {Polya, G. and Conway, John H.},
	year = {2014},
	month = {10},
	date = {2014-10-27},
	publisher = {Princeton University Press},
	edition = {With a Foreword by John H. Con ed. edition},
	address = {Princeton Oxford},
	langid = {English}
}

@book{bird2020,
	title = {Mechanical engineering principles},
	author = {Bird, J. O. and Ross, C. T. F.},
	year = {2020},
	date = {2020},
	publisher = {Routledge},
	edition = {Fourth edition},
	note = {OCLC: 1120199188},
	address = {Abingdon, Oxon}
}

@book{bird2021,
	title = {Bird's engineering mathematics},
	author = {Bird, J. O.},
	year = {2021},
	date = {2021},
	publisher = {Routledge},
	edition = {Ninth edition},
	address = {Abingdon, Oxon ; New York}
}
